<?xml version="1.0" encoding="UTF-8"?><collection xmlns="http://www.loc.gov/MARC21/slim"><record><leader>00547nam--2200193-i-4500</leader><controlfield tag="001">000001618</controlfield><controlfield tag="002">20161230</controlfield><controlfield tag="005">20161230201024</controlfield><controlfield tag="008">060222s1000------------r-----000-0-rum-d</controlfield><datafield ind1=" " ind2=" " tag="040"><subfield code="a">IFIN-HH</subfield></datafield><datafield ind1=" " ind2=" " tag="041"><subfield code="a">rum</subfield></datafield><datafield ind1=" " ind2=" " tag="080"><subfield code="a">539.144.6(043.3)</subfield></datafield><datafield ind1="1" ind2=" " tag="100"><subfield code="a">Dorobantu, Vasile T</subfield></datafield><datafield ind1="1" ind2="0" tag="245"><subfield code="a">Studiul timpilor de viata in domeniul &lt; 10-12 sec</subfield><subfield code="b">Teza</subfield><subfield code="c">Vasile t. dorobantu</subfield></datafield><datafield ind1=" " ind2=" " tag="260"><subfield code="a">Bucuresti</subfield><subfield code="b">Csen</subfield><subfield code="c">1977</subfield></datafield><datafield ind1=" " ind2=" " tag="300"><subfield code="a">101 P</subfield></datafield><datafield ind1=" " ind2=" " tag="502"><subfield code="a">Conducator Stiintific: Prof. Dr. Marius Petrscu</subfield></datafield><datafield ind1=" " ind2=" " tag="852"><subfield code="a">43915</subfield><subfield code="c">539.14</subfield></datafield><datafield ind1=" " ind2=" " tag="CAT"><subfield code="a">Sys</subfield><subfield code="c">20120402</subfield><subfield code="h">090848</subfield></datafield></record></collection>